@MISC{GCP,
title = {Google Cloud Platform},
howpublished={\url{https://console.cloud.google.com/storage/browser/quickdraw_dataset/full/raw}},
urldate  = {2010-12-05}
}
@MISC{QDP,
title = {Quick Draw project by Google},
howpublished={\url{https://quickdraw.withgoogle.com/}},
urldate  = {2010-12-20}
}
@MISC{CODE,
title = {Github repository of the project},
howpublished={\url{https://github.com/oriolborrellroig/ADM-FirstDelivery}},
urldate  = {2010-12-31}
}
@MISC{QDL,
title = {Creative Commons license},
howpublished={\url{https://creativecommons.org/licenses/by/4.0/}},
urldate  = {2010-12-31}
}
@MISC{QDD,
title = {Quick Draw project data},
howpublished={\url{https://quickdraw.withgoogle.com/data}},
urldate  = {2010-12-31}
}
@MISC{KNN,
title = {Scikit Learn $k$-NN classifier API},
howpublished={\url{https://scikit-learn.org/stable/modules/generated/sklearn.neighbors.KNeighborsClassifier.html}},
urldate  = {2010-12-31}
}